2479 3508
679 1149 1815 1251 #Erste Handlung.
853 1410 1617 1500 ##Erster Auftritt.
990 1545 1460 1636 $Abel. Zilla.
1137 1696 1335 1764 Abel.
575 1796 1900 1865 Es ist der Tag der Schöpfung, meine Zilla, der
570 1873 1900 1927 Tag, an dem Gott den Menschen schuf, Adam, un¬
579 1937 1898 2009 sern besten Vater! O laß uns ihm danken! So wie
572 2000 1897 2067 unsre Seele ihm dankt, so laß die ganze Feyer des
564 2066 1897 2129 Aeußerlichen ihm danken. Adam hat die Opfer ange¬
572 2137 1897 2203 ordnet. Kain und ich sollen zusammen opfern. Eva
564 2199 1903 2268 will mit euch und den Unmündigen beten; und Adam
570 2265 1898 2331 will allein opfern. Es werden sich Thränen unter
575 2335 1897 2403 seine Opfer mischen. Denn er wird das Paradies
572 2400 1900 2459 nicht aus seinen Gedanken entfernen können. Aber
564 2464 1897 2539 unter unsre Opfer sollen keine Thränen sich mischen;
579 2536 1900 2594 #(#nur die, daß wir mit Adam fortfahren gegen den
557 2611 1898 2676 Allmächtigen zu sündigen!#)# warum wollten wir wei¬
564 2666 1897 2723 nen? Wir haben die Glückseligkeit des Paradieses
